<?xml version="1.0" encoding="UTF-8"?><collection xmlns="http://www.loc.gov/MARC21/slim"><record><leader>00364nam--2200133-i-4500</leader><controlfield tag="001">000023182</controlfield><controlfield tag="002">20161230</controlfield><controlfield tag="005">20161230201034</controlfield><controlfield tag="008">060222s1000------------r-----000-0-eng-d</controlfield><datafield ind1=" " ind2=" " tag="080"><subfield code="a">621.039.51:621.039.553.3</subfield></datafield><datafield ind1=" " ind2=" " tag="100"><subfield code="a">Hetrick, David L</subfield></datafield><datafield ind1=" " ind2=" " tag="245"><subfield code="a">Dynamics of nuclear reactors</subfield></datafield><datafield ind1=" " ind2=" " tag="260"><subfield code="a">Chicago, The University Of Chicago Press, 1971, X + 542 P</subfield></datafield><datafield ind1=" " ind2=" " tag="852"><subfield code="a">36492</subfield></datafield></record></collection>